<?xml version="1.0" encoding="UTF-8"?><collection xmlns="http://www.loc.gov/MARC21/slim"><record><leader>00604nam--2200193-i-4500</leader><controlfield tag="001">000033373</controlfield><controlfield tag="002">20161230</controlfield><controlfield tag="005">20161230201039</controlfield><controlfield tag="008">060222s1000------------r-----000-0-eng-d</controlfield><datafield ind1=" " ind2=" " tag="040"><subfield code="a">IFIN-HH</subfield></datafield><datafield ind1=" " ind2=" " tag="080"><subfield code="a">535.31</subfield></datafield><datafield ind1="1" ind2=" " tag="100"><subfield code="a">Marchuk,G.I</subfield></datafield><datafield ind1="1" ind2="0" tag="245"><subfield code="a">The monte carlo methods in atmospheric optics</subfield><subfield code="c">G.i. marchuk; g.a. mikhailov; m.a. nazaraliev; r.a. darbinjan; b.a. kargin; b.s. elepov</subfield></datafield><datafield ind1=" " ind2=" " tag="260"><subfield code="a">NEW YORK</subfield><subfield code="b">Springer-verlag</subfield><subfield code="c">1980</subfield></datafield><datafield ind1=" " ind2=" " tag="300"><subfield code="a">VII + 208P</subfield></datafield><datafield ind1=" " ind2=" " tag="490"><subfield code="a">Springer Series In Optical Sciences</subfield><subfield code="v">Vol. 12</subfield></datafield><datafield ind1="1" ind2=" " tag="700"><subfield code="a">Elepov, B.S</subfield></datafield><datafield ind1=" " ind2=" " tag="852"><subfield code="a">44207</subfield><subfield code="c">535</subfield></datafield><datafield ind1=" " ind2=" " tag="CAT"><subfield code="a">Sys</subfield><subfield code="c">20101111</subfield><subfield code="h">155432</subfield></datafield></record></collection>